
@article{doppelbauer12iec,
  title={IEC Motor Efficiency classes},
  author={Doppelbauer, Martin},
  journal={Motor summit},
  volume={12}
}

@article{iec6003421,
  title={Rotating electrical machines –Part 2-1: Standard methods for determining losses and efficiency from tests(excluding machines for traction vehicles)},
  author={IEC 60034-2-1},
  journal={Edition 2.0},
  volume={2014-06}
}

@article{esen_özdemir_2016, 
    title={A Case Study of Determining Energy Efficiency in Squirrel Cage Induction Motor According to IEC 60034-2-1:2014 Standard}, 
    DOI={10.24084/repqj14.374}, 
    journal={Renewable Energy and Power Quality Journal}, 
    author={Esen, G. Kaan and Özdemir, E.}, 
    year={2016}, 
    pages={506–511}
}

@inproceedings{boglietti2011induction,
  title={Induction motor EU standards for efficiency evaluation: The scenario after IEC 60034-2-1},
  author={Boglietti, A and Cavagnino, A and Vaschetto, S},
  booktitle={IECON 2011-37th Annual Conference of the IEEE Industrial Electronics Society},
  pages={2786--2791},
  year={2011},
  organization={IEEE}
}

@inproceedings{safin2018calculation,
  title={Calculation of the efficiency and power consumption of induction IE2 and synchronous reluctance IE5 electric drives in the pump application based on the passport specification according to the IEC 60034-30-2},
  author={Safin, Nail and Kazakbaev, Vadim and Prakht, Vladimir and Dmitrievskii, Vladimir},
  booktitle={2018 25th International Workshop on Electric Drives: Optimization in Control of Electric Drives (IWED)},
  pages={1--5},
  year={2018},
  organization={IEEE}
}

@article{tandel2019energy,
  title={Energy Conservation by Energy Efficient Motor (Case study of Paper Industry)},
  author={Tandel, Brijesh R and Shukla, Chinmay D},
  year={2019}
}

